@ARTICLE{blinderwatson2016,
    author =       {Alan S. Blinder and Mark W. Watson},
    title =        "Presidents and the U.S. Economy",
    journal =      "American Economic Review",
    volume =       "106",
    number =       "4",
    pages =        "1015--1045",
    year =         "2016",
    %DOI =          "http://dx.doi.org/10.1257/aer.20140913"
}
@ARTICLE{hamilton2003,
   author = {James D. Hamilton},
   title = {What is an oil shock?},
   journal = {Journal of Econometrics},
   year = 2003,
   volume = 113,
   number = 2,
   pages = "363-398",
   %month = apr,
   %DOI = "https://doi.org/10.1016/S0304-4076(02)00207-5"
}
@ARTICLE{azzimontiTalbert2014,
   author = {Marina Azzimonti and Matthew Talbert},
   title = {Polarized business cycles},
   journal = {Journal of Monetary Economics},
   year = 2014,
   volume = 67,
   pages = "47-61",
   %month = oct,
   %DOI = "https://doi.org/10.1016/j.jmoneco.2014.07.001"
}
@ARTICLE{bakerBloomDavis2016,
    author = {Scott R. Baker and Nicholas Bloom and Steven J. Davis},
    title = {Measuring Economic Policy Uncertainty},
    journal = {The Quarterly Journal of Economics},
    year = 2016,
    volume = 131,
    pages = "1593-1636",
    number = 4,
    %month = nov,
    %DOI = "https://doi.org/10.1093/qje/qjw024"
}
@NEWSPAPER{bonicaRosenthal2013,
    author = {Adam Bonica and Howard Rosenthal},
    title = {A history (and future) of Congressional polarization},
    year = 2013,
    month = feb,
    day = 4,
    url = {http://blogs.reuters.com/}
}
@UNPUBLISHED{azzimonti2013,
    howpublished = "FRB of Philadelphia Working Paper",
    author = {Marina Azzimonti},
    title = "The Political Polarization Index",
    number = "13-41",
    year = "2013",
    %month = sep,
    %DOI = "http://dx.doi.org/10.2139/ssrn.2343139"
}
@BOOK{mccarty2006,
    author = {Nolan McCarty and Keith T. Poole and Howard Rosenthal},
    title = "Polarized America: The dance of ideology and unequal riches",
    year = "2006",
    publisher = "The MIT Press",
    edition = "second",
    address = "Cambridge, Massachusetts"
}
@ARTICLE{heltzelLaurin2020,
    author = {Gordon Heltzel and Kristin Laurin},
    title = "Polarization in America: two possible futures",
    year = 2020,
    %month = may,
    journal = "Current Opinion in Behavioral Sciences",
    volume = "34",
    pages = "197-184",
    %DOI = "https://doi.org/10.1016/j.cobeha.2020.03.008"
}
@ARTICLE{ramey2011,
    author = {Valerie A. Ramey},
    title = "Identifying Government Spending Shocks: it's all in the timing",
    journal = "The Quarterly Journal of Economics",
    year = 2011,
    %month = feb,
    volume = "126",
    number = "1",
    pages = "1-50",
    %DOI = "https://doi.org/10.1093/qje/qjq008"
}
@ARTICLE{hoekstra2015,
    author = {Richard D. Morey and Rink Hoekstra and Jeffrey N. Rouder and Michael D. Lee and Eric-Jan Wagenmakers},
    title = "The fallacy of placing confidence in confidence intervals",
    journal = "Psychonomic Bulletin and Review",
    volume = "23",
    pages = "103-1223",
    year = "2016",
    %month = feb,
    %DOI = "http://doi.org/10.3758/s13423-015-0947-8"
}
@ARTICLE{jones2001,
    author = {David R. Jones},
    title = "Party Polarization and Legislative Gridlock",
    journal = "Political Research Quarterly",
    year = "2001",
    %month = mar,
    volume = 54,
    number = 1,
    pages = "125-141",
    %DOI = "https://doi.org/10.1177/106591290105400107"
}